<record><leader>00000cas a22000007a 4500</leader><controlfield tag="001">11191966</controlfield><controlfield tag="008">840924c19019999nyuwr ne      0    0eng d</controlfield><datafield ind1=" " ind2=" " tag="010"><subfield code="a">sn 84031576 </subfield></datafield><datafield ind1=" " ind2=" " tag="040"><subfield code="a">NYG</subfield><subfield code="b">eng</subfield><subfield code="c">NYG</subfield><subfield code="d">NPX</subfield><subfield code="d">NYS</subfield><subfield code="d">OCLCQ</subfield></datafield><datafield ind1=" " ind2=" " tag="042"><subfield code="a">msc</subfield></datafield><datafield ind1="0" ind2="0" tag="245"><subfield code="a">Moravia Republican register.</subfield></datafield><datafield ind1=" " ind2=" " tag="260"><subfield code="a">Moravia, N.Y. :</subfield><subfield code="b">P.M. Rathbun</subfield></datafield><datafield ind1=" " ind2=" " tag="300"><subfield code="a">v. :</subfield><subfield code="b">ill.</subfield></datafield><datafield ind1=" " ind2=" " tag="310"><subfield code="a">Weekly</subfield></datafield><datafield ind1="1" ind2=" " tag="362"><subfield code="a">Began in Feb. 1901.</subfield><subfield code="z">Cf. Faibisoff, S.G. Bibl. of newspapers in 14 N.Y. counties.</subfield></datafield><datafield ind1=" " ind2=" " tag="500"><subfield code="a">Publishers: P.M. Rathbun, &lt;1905-1925&gt;; Intercounty Publishers, Inc., &lt;1972-1976&gt;; Community Newspapers, &lt;1987-</subfield></datafield><datafield ind1=" " ind2=" " tag="515"><subfield code="a">Numbering designations dropped by: &lt;1938&gt;; picked up again by: &lt;Jan. 1, 1940&gt; as &lt;v. 77, no. 1&gt;.</subfield></datafield><datafield ind1=" " ind2=" " tag="588"><subfield code="a">Description based on: Moravia Republican, vol. 29, no. 44 (Jan. 6, 1905) = Moravia Valley register, v. 33, no. 44.</subfield></datafield><datafield ind1=" " ind2="4" tag="651"><subfield code="a">Moravia (N.Y.)</subfield><subfield code="v">Newspapers.</subfield></datafield><datafield ind1=" " ind2=" " tag="752"><subfield code="a">United States</subfield><subfield code="b">New York</subfield><subfield code="c">Cayuga</subfield><subfield code="d">Moravia.</subfield></datafield><datafield ind1="0" ind2="4" tag="780"><subfield code="t">Moravia Republican</subfield><subfield code="w">(DLC)sn 90066098</subfield><subfield code="w">(OCoLC)21884762</subfield></datafield><datafield ind1="0" ind2="4" tag="780"><subfield code="t">Moravia Valley register</subfield><subfield code="w">(DLC)sn 85026839</subfield></datafield><datafield ind1="0" ind2="5" tag="780"><subfield code="t">Journal courier (Groton, N.Y.)</subfield><subfield code="w">(DLC)sn 91066216</subfield><subfield code="w">(OCoLC)23359261</subfield></datafield><datafield ind1="1" ind2=" " tag="029"><subfield code="a">AU@</subfield><subfield code="b">000024688167</subfield></datafield></record>